@ARTICLE{NNCoverHart,
  author={Cover, T. and Hart, P.},
  journal={IEEE Transactions on Information Theory}, 
  title={Nearest neighbor pattern classification}, 
  year={1967},
  volume={13},
  number={1},
  pages={21-27},
  doi={10.1109/TIT.1967.1053964}}

@misc{uci,
  author = {Dua, Dheeru and Graff, Casey},
  year = {2017},
  title = {{UCI Machine Learning Repository}},
  url = {http://archive.ics.uci.edu/ml},
  institution = {University of California, Irvine, School of Information and Computer Sciences}
}

@article{scikit-learn,
 title={Scikit-learn: Machine Learning in {P}ython},
 author={Pedregosa, F. and Varoquaux, G. and Gramfort, A. and Michel, V.
         and Thirion, B. and Grisel, O. and Blondel, M. and Prettenhofer, P.
         and Weiss, R. and Dubourg, V. and Vanderplas, J. and Passos, A. and
         Cournapeau, D. and Brucher, M. and Perrot, M. and Duchesnay, E.},
 journal={Journal of Machine Learning Research},
 volume={12},
 pages={2825--2830},
 year={2011}
}

@book{python3,
 author = {Van Rossum, Guido and Drake, Fred L.},
 title = {Python 3 Reference Manual},
 year = {2009},
 isbn = {1441412697},
 publisher = {CreateSpace},
 address = {Scotts Valley, CA}
}

@article{tangirala2020evaluating,
  title={Evaluating the impact of GINI index and information gain on classification using decision tree classifier algorithm},
  author={Tangirala, Suryakanthi},
  journal={International Journal of Advanced Computer Science and Applications},
  volume={11},
  number={2},
  pages={612--619},
  year={2020},
  publisher={Science and Information (SAI) Organization Limited}
}